<record><leader>00000cas a2200000 a 4500</leader><controlfield tag="001">12442429</controlfield><controlfield tag="008">850830d18721873iluwr ne      0   a0eng c</controlfield><datafield ind1=" " ind2=" " tag="010"><subfield code="a">sn 85034143 </subfield></datafield><datafield ind1=" " ind2=" " tag="040"><subfield code="a">NPU</subfield><subfield code="b">eng</subfield><subfield code="c">NPU</subfield><subfield code="d">NVF</subfield><subfield code="d">OCLCQ</subfield><subfield code="d">NVF</subfield><subfield code="d">OCLCO</subfield><subfield code="d">NVF</subfield><subfield code="d">OCLCO</subfield></datafield><datafield ind1="1" ind2=" " tag="029"><subfield code="a">AU@</subfield><subfield code="b">000020386443</subfield></datafield><datafield ind1=" " ind2=" " tag="042"><subfield code="a">pcc</subfield></datafield><datafield ind1=" " ind2=" " tag="043"><subfield code="a">n-us-il</subfield></datafield><datafield ind1="0" ind2="0" tag="245"><subfield code="a">Saybrook banner.</subfield></datafield><datafield ind1="1" ind2="3" tag="246"><subfield code="a">Saybrook L.B. &amp; M.R.R. banner</subfield><subfield code="f">&lt;July 31, 1873&gt;</subfield></datafield><datafield ind1="3" ind2=" " tag="246"><subfield code="a">Saybrook L.B. and M.R.R. banner</subfield></datafield><datafield ind1="3" ind2=" " tag="246"><subfield code="a">Saybrook Lafayette, Bloomington &amp; Mississippi Rail Road banner</subfield></datafield><datafield ind1="3" ind2=" " tag="246"><subfield code="a">Saybrook Lafayette, Bloomington and Mississippi Rail Road banner</subfield></datafield><datafield ind1="3" ind2=" " tag="246"><subfield code="a">Saybrook Lafayette, Bloomington &amp; Mississippi Railroad banner</subfield></datafield><datafield ind1="3" ind2=" " tag="246"><subfield code="a">Saybrook Lafayette, Bloomington and Mississippi Railroad banner</subfield></datafield><datafield ind1=" " ind2=" " tag="260"><subfield code="a">Saybrook, Ill. :</subfield><subfield code="b">[H.H. Parkinson]</subfield></datafield><datafield ind1=" " ind2=" " tag="300"><subfield code="a">volumes</subfield></datafield><datafield ind1=" " ind2=" " tag="310"><subfield code="a">Weekly</subfield></datafield><datafield ind1="1" ind2=" " tag="362"><subfield code="a">Began in 1872? Ceased in 1873.</subfield></datafield><datafield ind1=" " ind2=" " tag="500"><subfield code="a">"L. B. &amp; M.R.R." appears above masthead ornament, &lt;July 31, 1873&gt;.</subfield></datafield><datafield ind1="4" ind2=" " tag="521"><subfield code="a">"Devoted to the interests of the farmer, the laboring man, the mechanic, and the merchant."</subfield></datafield><datafield ind1=" " ind2=" " tag="588"><subfield code="a">Description based on: Vol. 1, no. 13 (Mar. 20, 1873).</subfield></datafield><datafield ind1=" " ind2=" " tag="588"><subfield code="a">Latest issue consulted: Vol. 1, no. 32 (July 31, 1873).</subfield></datafield><datafield ind1="2" ind2="0" tag="610"><subfield code="a">Lafayette, Bloomington, and Mississippi Railroad</subfield><subfield code="v">Newspapers.</subfield></datafield><datafield ind1=" " ind2="0" tag="650"><subfield code="a">Farmers</subfield><subfield code="z">Illinois</subfield><subfield code="z">Saybrook</subfield><subfield code="v">Newspapers.</subfield></datafield><datafield ind1=" " ind2="0" tag="650"><subfield code="a">Employees</subfield><subfield code="z">Illinois</subfield><subfield code="z">Saybrook</subfield><subfield code="v">Newspapers.</subfield></datafield><datafield ind1=" " ind2="0" tag="650"><subfield code="a">Working class</subfield><subfield code="z">Illinois</subfield><subfield code="z">Saybrook</subfield><subfield code="v">Newspapers.</subfield></datafield><datafield ind1=" " ind2="0" tag="650"><subfield code="a">Blue collar workers</subfield><subfield code="z">Illinois</subfield><subfield code="z">Saybrook</subfield><subfield code="v">Newspapers.</subfield></datafield><datafield ind1=" " ind2="0" tag="650"><subfield code="a">Mechanics</subfield><subfield code="z">Illinois</subfield><subfield code="z">Saybrook</subfield><subfield code="v">Newspapers.</subfield></datafield><datafield ind1=" " ind2="0" tag="650"><subfield code="a">Merchants</subfield><subfield code="z">Illinois</subfield><subfield code="z">Saybrook</subfield><subfield code="v">Newspapers.</subfield></datafield><datafield ind1=" " ind2="0" tag="650"><subfield code="a">Working class writings</subfield><subfield code="v">Newspapers.</subfield></datafield><datafield ind1=" " ind2="0" tag="651"><subfield code="a">Saybrook (Ill.)</subfield><subfield code="v">Newspapers.</subfield></datafield><datafield ind1=" " ind2=" " tag="752"><subfield code="a">United States</subfield><subfield code="b">Illinois</subfield><subfield code="c">McLean County</subfield><subfield code="d">Saybrook.</subfield></datafield><datafield ind1="0" ind2="0" tag="785"><subfield code="t">McLean County anti-monopolist</subfield><subfield code="w">(DLC)sn 00061558</subfield><subfield code="w">(OCoLC)44696472</subfield></datafield></record>